@Article{Dias,
  author  = {bruno josé Dias},
  title   = {curtindo a vida},
  journal = {diario},
  year    = {2019}
}

@misc{IBGEeduca2010,
        Author = {{IBGE educa}},
        Date-Added = {2011-06-06 17:33:21 -0300},
        Date-Modified = {2011-06-06 17:33:46 -0300},
        Keywords = {Deficiente, Educação},
        Organization = {Istituto Brasileiro de Geografia e Estatística},
        Title = {PESSOAS COM DEFICIÊNCIA},
        Url = {https://educa.ibge.gov.br/jovens/conheca-o-brasil/populacao/20551-pessoas-com-deficiencia.html},
        Year = {2010},
        Note = {Data de Acesso: 18 abr. 2019}
}
%IBGEeduca; PESSOAS COM DEFICIÊNCIA. 2010. Disponível em: <https://educa.ibge.gov.br/jovens/conheca-o-brasil/populacao/20551-pessoas-com-deficiencia.html> .Acesso em: 18 de Abril de 2019.
%--------------------------------------------------------------------
%------------------------------------------------------------------

@misc{Brasil2010,
    Author = {Brasil},
    Keywords = {Tecnologias Assistivas},
    Title = {Tecnologia assistiva ajuda a melhorar a qualidade de vida de pessoas com deficiência},
    Url= {http://www.brasil.gov.br/noticias/educacao-e-ciencia/2010/08/tecnologia-assistiva},
    Year ={2010},
    Note = {Data de Acesso: 20 abr. 2019}
}

@misc{emag2010,
    Author = {emag},
    Keywords = {Tecnologias Assistivas},
    Title = {Curso eMAG / Conteudistas},
    Url= {http://emag.governoeletronico.gov.br/cursoconteudista/introducao/tecnologia-assistiva-introducao.html},
    Year ={2010},
    Note = {Data de Acesso: 13 Maio 2019}
}



%++++++++++++++++++++++++++++++++++++++++++++++++++++++
%bortole
%++++++++++++++++++++++++++++++++++++++++++++++++++++++
@mastersthesis{bortole2011,
  title={Desenvolvimento de um Sensor H{\'\i}brido-Inclina{\c{c}}{\~a}o+ EMG-para Aplica{\c{c}}{\~o}es em Rob{\'o}tica e Fisioterapia},
  author={Bortole, M.},
  year={2011},
  school={Universidade Federal do Esp{\'\i}rito Santo}
}
%http://repositorio.ufes.br/jspui/handle/10/9619
%%%%%%%%%%%%%%%%%%%%%%%%%%%%%%%%%%%%%%%%%%%%%%%%%%%%%%%%%%%%%%
%----------------------------------------------------------------%

%%%%%%%%%%%%%%%%%%%%%%%%%%%%%%%%%%%%%%%%%%%%%%%%%%%%%%%%%%%%%%%%%%%%%%
%REIS 2014
%%%%%%%%%%%%%%%%%%%%%%%%%%%%%%%%%%%%%%%%%%%%%%%%%%%%%%%%%%%%%%%%%%%%%
@article{Reis2014,
  title={CONTROLE DE POSI{\c{C}}{\~A}O DE UM MANIPULADOR ROB{\'O}TICO UTILIZANDO SENSORES INERCIAIS E ELETROMIOGRAFIA},
  author={Gabriela L. Reis and others},
  year={2014}
}
%/http://www.swge.inf.br/cba2014/anais/PDF/1569935589.pdf
%%%%%%%%%%%%%%%%%%%%%%%%%%%%%%%%%%%%%%%%%%%%%%%%%%%%%%%%%%%%%%%%%%%%%
%-------------------------------------------------------------------%

%%%%%%%%%%%%%%%%%%%%%%%%%%%%%%%%%%%%%%
%SARRO JUNIOR 2014
%%%%%%%%%%%%%%%%%%%%%%%%%%%%%%%%%%%
@mastersthesis{SARRO2014,
  title={Controle de um bra{\c{c}}o rob{\'o}tico atrav{\'e}s de eletromiografia},
  author={Sarro{}J{r}., A. D. de; and others},
  year={2014},
  school={Universidade Tecnol{\'o}gica Federal do Paran{\'\ a}}
}
%%%%%%%%%%%%%%%%%%%%%%%%%%%%%SARRO JUNIOR, Antonio Donizeti de; MENDES JÚNIOR, José Jair Alves; FRANTZ,Steffan Hideki. Controle de um braço robótico através de eletromiografia. 2014 114f. Trabalho de Conclusão de Curso (Tecnologia Automação Industrial) -Universidade Tecnológica Federal do Paraná. Ponta Grossa, 2014.

%http://repositorio.roca.utfpr.edu.br/jspui/bitstream/1/9679/1/PG_DAELE_2014_2_11.pdf
%%%%%%%%%%%%%%%%%%
%---------------------------------------------------%


%%%%%%%%%%%%%%%%%%%%%%%%%%%%%%%%%%%%%%%%%%%%%%%%%%%%%%%%%%%%%%%%%%%%%
%
%%%%%%%%%%%%%%%%%%%%%%%%%%%%%%%%%%%%%%%%%%%%%%%%%%%%%%%%%%%%%%%%%%%%%
@article{frizon2015,
  title={ESTIMA{\c{C}}{\~A}O DIN{\^A}MICA DE {\^A}NGULO BASEADO EM GIROSC{\'O}PIO E ACELER{\^O}METRO COM FILTRO DE KALMAN},
  author={Frizon, Lucas Jos{\'e} and Peccin, VIN{\'I}CIUS BERNDSEN and Jinbo, Maro},
  year={2015}
}
% site= http://cursos.chapeco.ifsc.edu.br/engenharia/wp-content/uploads/sites/2/2015/07/TCC-Lucas-Jos%C3%A9-Frizon.pdf
%%%%%%%%%%%%%%%%%%%%%%%%%%%%%%%%%%%%%%%%%%%%%%%%%%%%%%%%%%%%%%%%%%%%
%------------------------------------------------------------------%


%%%%%%%%%%%%%%%%%%%%%%%%%%%%%%%%%%%%%%%%%%%%%%%%%%%%%%%%%%%%%%%%%%%%%
%
%%%%%%%%%%%%%%%%%%%%%%%%%%%%%%%%%%%%%%%%%%%%%%%%%%%%%%%%%%%%%%%%%%%%%
@ARTICLE{{MendesJunior2016},
author={J. J. A. {Mendes Junior} and M. B. {Pires} and S. {Okida} and S. L. {Stevan}},
journal={IEEE Latin America Transactions},
title={Robotic Arm Activation using Surface Electromyography with LABVIEW},
year={2016},
volume={14},
number={8},
pages={3597-3605},
doi={10.1109/TLA.2016.7786339},
ISSN={1548-0992}
%month={Aug},
}
%https://ieeexplore.ieee.org/abstract/document/7786339
%%%%%%%%%%%%%%%%%%%%%%%%%%%%%%%%%%%%%%%%%%%%%%%%%%%%%%%%%%%%%%%%
%--------------------------------------------------------------%%


%%%%%%%%%%%%%%%%%%%%%%%%%%%%%%%%%%%%%%%%%%%%%%%%%%%%%%%%%%%%%%%%%%%%%
%
%%%%%%%%%%%%%%%%%%%%%%%%%%%%%%%%%%%%%%%%%%%%%%%%%%%%%%%%%%%%%%%%%%%%%
@mastersthesis{mendes2016,
  title={Desenvolvimento de uma armband para captura de sinais eletromiogr{\'a}ficos para reconhecimento de movimentos},
  author={{Mendes~J{\'u}nior}, J. J. A.},
  year={2016},
  school={Universidade Tecnol{\'o}gica Federal do Paran{\'a}}
}
%http://riut.utfpr.edu.br/jspui/handle/1/2435
%%%%%%%%%%%%%%%%%%%%%%%%%%%%%%%%%%%%%%%%%%%%%%%%%%%%%%%%%%%%%%%%%%%
%%----------------------------------------------------------------%


%%%%%%%%%%%%%%%%%%%%%%%%%%%%%%%%%%%%%%%%%%%%%%%%%%%%%%%%%%%%%%%%%%%%%
%
%%%%%%%%%%%%%%%%%%%%%%%%%%%%%%%%%%%%%%%%%%%%%%%%%%%%%%%%%%%%%%%%%%%%%
@mastersthesis{baumann2018,
  title={Controle inteligente de um manipulador rob{\'o}tico com regress{\~a}o por processo gaussiano},
  author={Baumann, G. de A. B.},
  type={{B.S.} thesis},
  year={2018},
  school={Universidade Federal do Rio Grande do Norte}
}
%https://monografias.ufrn.br/jspui/bitstream/123456789/8310/1/CONTROLE%20INTELIGENTE%20DE%20UM%20MANIPULADOR%20ROB%c3%93TICO%20COM%20REGRESS%c3%83O%20POR%20PROCESSO%20GAUSSIANO.pdf
%%%%%%%%%%%%%%%%%%%%%%%%%%%%%%%%%%%%%%%%%%%%%%%%%%%%%%%%%%%%%%%%%%%
%-----------------------------------------------------------------%



%%%%%%%%%%%%%%%%%%%%%%%%%%%%%%%%%%%%%%%%%%%%%%%%%%%%%%%%%%%%%%%%%%%%%
%
%%%%%%%%%%%%%%%%%%%%%%%%%%%%%%%%%%%%%%%%%%%%%%%%%%%%%%%%%%%%%%%%%%%%%
@article{hernandez2018,
  title={Identifica{\c{c}}{\~a}o de movimentos a partir da intens{\~a}o de preens{\~a}o, baseado em Deep Learning, com sinais de EMGs para utiliza{\c{c}}{\~a}o como IHM em dispositivos rob{\'o}ticos},
  author={Hernandez Bele{\~n}o, R. D. and others},
  year={2018},
}
%http://repositorio.unicamp.br/handle/REPOSIP/332000
%%%%%%%%%%%%%%%%%%%%%%%%%%%%%%%%%%%%%%%%%%%%%%%%%%%%%%%%%%%%%%%%%
%%------------------------------------------------------------%%


%%%%%%%%%%%%%%%%%%%%%%%%%%%%%%%%%%%%%%%%%%%%%%%%%%
%correa2012
%%%%%%%%%%%%%%%%%%%%%%%%%%%%%%%%%%%
@article{correa2012,
  title={Utiliza{\c{c}}{\~a}o de diferentes t{\'e}cnicas para o controle do posicionamento dos eletrodos de superf{\'\i}cie na coleta do sinal eletromiogr{\'a}fico},
  author={Correa, Cleiton Silva and Pinto, Ronei Silveira},
  journal={Acta Brasileira do Movimento Humano},
  volume={2},
  number={2},
  pages={5--13},
  year={2012}
}
%http://www.periodicos.ulbra.br/index.php/actabrasileira/article/viewFile/2895/2174
%%%%%%%%%%%%%%%%%%%%%%%%%%%%%%%%%%%%%%%%%%%%%%%%%%%%%%%%%%%%%%%%%
%%------------------------------------------------------------%%


%%%%%%%%%%%%%%%%%%%%%%%%%%%%%%%%%%%%%%%%%%%%%%%%%%
@article{de2010,
  title={A ELETROMIOGRAFIA DE SUPERF{\'I}CIE NOS PERI{\'O}DICOS NACIONAIS EM FONOAUDIOLOGIA.},
  author={de Ara{\'u}jo Pernambuco, Leandro and da Cunha, Renata Andrade and Lins, Ot{\'a}vio and Le{\~a}o, Jair Carneiro and da Silva, Hilton Justino},
  journal={Revista CEFAC},
  volume={12},
  number={4},
  year={2010},
  publisher={SciELO Brasil}
}
%http://www.scielo.br/pdf/rcefac/v12n4/181-09.pdf
%%%%%%%%%%%%%%%%%%%%%%%%%%%%%%%%%%%%%%%%%%%%%%%%%%

%%%%%%%%%%%%%%%%%%%%%%%%%%%%%%
% nascimento2012
%%%%%%%%%%%%%%%%%%%%%%%%%%%%%%
@article{nascimento2012,
  title={ELETROMIOGRAFIA DE SUPERF{\'I}CIE DO M{\'U}SCULO MASSETER DURANTE A MASTIGA{\c{C}}{\~A}O: UMA REVIS{\~A}O SISTEM{\'A}TICA.},
  author={Nascimento, G. K. B. O. and da Cunha, Daniele Andrade and de Lima, Leilane Maria and Moraes, Klyvia Juliana Rocha de and Pernambuco, Leandro de Ara{\'u}jo and R{\'e}gis, Renata Milena Freire Lima and da Silva, Hilton Justino},
  journal={Revista CEFAC},
  volume={14},
  number={4},
  year={2012},
  publisher={SciELO Brasil}
}
%http://www.scielo.br/pdf/rcefac/2012nahead/17-11.pdf
%%%%%%%%%%%%%%%%%%%%%%%%%%%%%%%%
%----------------------------------------------%%%


%+++++++++++++++++++++++++++++++++++++++++++++++++%
%magagnin 2015
%++++++++++++++++++++++++++++++++++++++++++++++%
@mastersthesis{magagnin2015,
  title={Ambiente para aquisi{\c{c}}{\~a}o e processamento de sinal eletromiogr{\'a}fico de superf{\'\i}cie},
  author={{MAGAGNIN~J{\'U}NIOR}, A. and others},
  school={Universidade Tecnol{\'o}gica Federal do Paran{\'a}},
  year={2015}
}

%%%%%%http://riut.utfpr.edu.br/jspui/handle/1/1685
%--------------------------------------------%
%
%--------------------------------------------%

%++++++++++++++++++++++++++++++++++++++++++
%Sandra Valéria Rancan 2008
%+++++++++++++++++++++++++++++++++++++
@phdthesis{rancan2008,
  title={An{\'a}lise eletromiogr{\'a}fica dos m{\'u}sculos temporal e masseter e for{\c{c}}a de mordida em indiv{\'\i}duos com disfun{\c{c}}{\~a}o temporomandibular muscular antes e ap{\'o}s tratamento com acupuntura},
  author={Rancan, Sandra Val{\'e}ria},
  school={Universidade de S{\~a}o Paulo},
  year={2008}
}
%----------------------------------------
%http://www.teses.usp.br/teses/disponiveis/58/58137/tde-30062008-153805/en.php
%--------------------------------------------


%+++++++++++++++++++++++++++++++++++++++++
%
%+++++++++++++++++++++++++++++++++++
@phdthesis{takahashi2006,
  title={An{\'a}lise da rela{\c{c}}{\~a}o entre eletromiografia e for{\c{c}}a do m{\'u}sculo quadr{\'\i}ceps em exerc{\'\i}cios resistidos},
  author={Takahashi, Luciana Sanae Ota},
  year={2006},
  school={Universidade de S{\~a}o Paulo}
}

%http://www.teses.usp.br/teses/disponiveis/82/82131/tde-30072007-172711/en.php
%---------------------------------------------------------
%--------------------------------------------------------












%%%%%%%%%%%%%%%%%%%%%%%%%%%%%%%%%%%%%%%
%%%%%%%%%%%%%%%%%%%%%%%%%%%%%%%%%%%
%%%%%%%%%%%%%%%%%%%%%%%%%%%%%%%%%
%%%%%%%%%%%%%%%%%%%%%%%%%%%%%%
%REFERENCIAS SOBRE EMG
%%%%%%%%%%%%%%%%%%%%%%%%%%%%%%
%%%%%%%%%%%%%%%%%%%%%%%%%%%%%%%%%
%%%%%%%%%%%%%%%%%%%%%%%%%%%%%%%%%%%%
%++++++++++++++++++++++++++++++++++++++
%
%%++++++++++++++++++++++++++++++
@article{ricciotti2006,
  title={Utiliza{\c{c}}{\~a}o de wavelets no processamento de sinais EMG},
  author={Ricciotti, Antonio Carlos Duarte and others},
  year={2006},
  publisher={Universidade Federal de Uberl{\^a}ndia}
}
%http://repositorio.ufu.br/handle/123456789/14572
%---------------------------------------------------

http://demotu.org/pubs/emg.pdf

@article{barros2005,
  title={Metodologia para classifica{\c{c}}{\~a}o de sinais EMG para controle de pr{\'o}teses com baixo esfor{\c{c}}o computacional},
  author={Barros, Kety Rosa de and others},
  year={2005},
  publisher={Universidade Federal de Uberl{\^a}ndia}
}
%http://repositorio.ufu.br/handle/123456789/14654
%-----------------------------------------------------
%-------------------------------------------
%%%%%%%%%%%%%%%%%%%%%%%%%%%%%%%%%%
%+++++++++++++++++++++++++++++++++++++++++++++++
%
%++++++++++++++++++++++++++++++++++++++++++++++

@misc{BragaSite,
        Author = {Braga , N. C.},
        Date-Added = {2011-06-06 17:33:21 -0300},
        Date-Modified = {2011-06-06 17:33:46 -0300},
        Keywords = {Deficiente, Educação},
        Organization = {Istituto Brasileiro de Geografia e Estatística},
        Title = {Amplificador operacional não inversor (M021)},
        Url = {http://www.newtoncbraga.com.br/index.php/matematica-para-eletronica/634-amplificador-operacional-nao-inversor-m021.html},
        Year = {201x},
        Note = {Data de Acesso: 21 abr. 2019}
}
%http://www.newtoncbraga.com.br/index.php/matematica-para-eletronica/634-amplificador-operacional-nao-inversor-m021.html
%-------------------------------------------
%------------------------------------------
%%%%%%%%%%%%%%%%%%%%%%%%%%%%%%%%%%%%%%%%%%



%+++++++++++++++++++++++++++++++
% Arquivo muito bom para ler sobre as recomendaçoes SENIAM
%
@article{marchetti2006,
  title={Instrumenta{\c{c}}{\~a}o em eletromiografia},
  author={Marchetti, Paulo Henrique and Duarte, Marcos},
  journal={Laborat{\'o}rio de Biof{\'\i}sica, Escola de Educa{\c{c}}{\~a}o F{\'\i}sica e Esporte. S{\~a}o Paulo: Universidade de S{\~a}o Paulo},
  year={2006}
}
%----------------------------------------------------
%------------------------------------------------

%
%
%
@article{velloso2004,
  title={Prot{\'o}tipo de um Eletromi{\'o}grafo Digital},
  author={VELLOSO, ROBERTO PANERAI},
  journal={Blumenau: Universidade Regional de Blumenau},
  pages={38},
  year={2004}
}
%%http://www.inf.furb.br/departamento/arquivos/tccs/monografias/2004-1robertopaneraivellosovf.pdf
%

%++++++++++++++++++++++++++++++++++++
%++++++++++++++++++++++++++++++++++++++++++++++++++
%
@article{souza2015,
  title={Sistema de aquisi{\c{c}}{\~a}o de sinais de EMG e ECG para plataforma Android},
  author={Souza, P. V. E. de},
  year={2015}
}
%https://repositorio.ufpe.br/bitstream/123456789/14022/1/Disserta%C3%A7%C3%A3o%20Vers%C3%A3o%2013.pdf
%----------------------------------------
%------------------------------------------------
%%%%%%%%%%%%%%%%%%%%%%%%%%%%%%%%%
%+++++++++++++++++++++++++++++++++++++++++++
%
%+++++++++++++++++++++++++++++++++++++++++++
@book{BOYLESTAD2004,
  title={DISPOSITIVOS ELETRÔNICOS E TEORIA DE CIRCUITOS},
  author={Boylestad, Robert and Nashelsky, Louis},
  year={2004},
  publisher={PEARSON}
}
%-------------------------------------------------
%--------------------------------------------------
%%%%%%%%%%%%%%%%%%%%%%%%%%%%%%%%%%%%%%%%%%%%%%%%%%
%
%
%
@book{pertence2003,
  title={Amplificadores Operacionais e Filtros Ativos-6},
  author={{PERTENCE~J{\'U}NIOR}, A.},
  year={2003},
  publisher={Bookman Editora}
}
%+++++++++++++++++++++++++++++++++++++++++++++++++++
%++++++++++++++++++++++++++++++++++++++++++++++++
@mastersthesis{forti2005,
  title={An{\'a}lise do sinal eletromiogr{\'a}fico em diferentes posicionamentos, tipos de eletrodos, {\^a}ngulos articulares e intensidades de contra{\c{c}}{\~a}o},
  author={Forti, F},
  School ={UNIMEP},
  year={2005}
}
%https://www.unimep.br/phpg/bibdig/pdfs/2006/DURWSSEQMJEM.pdf
%-------------------------------------------------

%%%%%%%%%%%%%%%%%%%%%%%%%%%%%%%%%%%%%%%%%%%%%%%%%%%%%%%%%%%%%%%%%
% TECNOLOGIAS ASSISTIVAS
%%%%%%%%%%%%%%%%%%%%%%%%%%%%%%%%%%%%%%%%%%%%%%%%%%%%%%%%%%%%%%%%%
%++++++++++++++++++++++++++++++++++++++++++++++++++++++++++++++
%+++++++++++++++++++++++++++++++++++++++++++++++++++++++++++++
@phdthesis{richardson2009,
  title={Pobreza, defici{\^e}ncia visual e pol{\'\i}ticas s{\'o}cioeducativas.},
  author={Richardson, Zilma Maria Ramos Jarry and others},
  year={2009},
  publisher={Universidade Federal da Para{\'\i}ba}
}
%https://jornalggn.com.br/sites/default/files/documentos/Zilma_Richardson.pdf
%-------------------------------------------------------------
%-------------------------------------------------------------
%%%%%%%%%%%%%%%%%%%%%%%%%%%%%%%%%%%%%%%%%%%%%%%%%%%%%%%%%%%%%%%%%%%%%%%%%%%%%%
%++++++++++++++++++++++++++++++++++++++++++++++++++++++
%++++++++++++++++++++++++++++++++++++++++++++++++++++++++
@article{rodrigues2013,
  title={Tecnologia assistiva-uma revis{\~a}o do tema},
  author={Rodrigues, Patr{\'\i}cia Rocha and Alves, Lynn Rosalina Gama},
  year={2013}
}
%http://repositoriosenaiba.fieb.org.br/bitstream/fieb/687/1/Tecnologia%20assistiva%20-%20uma%20revis%C3%A3o%20....pdf
%-----------------------------------------------------------------
%-----------------------------------------------------------------
%%%%%%%%%%%%%%%%%%%%%%%%%%%%%%%%%%%%%%%%%%%%%
%+++++++++++++++++++++++++++++++++++++++
%++++++++++++++++++++++++++++++++++++++


%------------------------------------------
%-------------------------------------------



%MELGES, Danilo. Filtros Ativos Parte 1. Belo Horizonte: Universidade Federal de Minas Gerais, 2015. 45 slides, color. Disponível em: <http://www.cpdee.ufmg.br/~danilomelges//circ3/Aula8-FiltrosAtivosPt1.pdf>. Acesso em: 15 abr. 2019.
%%%%%%%%%%%%%%%%%%%%%%%%%%%%%%%%%%%%%%%
%%%%%%%%%%%%%%%%%%%%%%%%%%%%%%%%%%%
%%%%%%%%%%%%%%%%%%%%%%%%%%%%%%%%%
%%%%%%%%%%%%%%%%%%%%%%%%%%%%%%
%REFERENCIAS SOBRE ROBOTICA
%%%%%%%%%%%%%%%%%%%%%%%%%%%%%%
%%%%%%%%%%%%%%%%%%%%%%%%%%%%%%%%%
%%%%%%%%%%%%%%%%%%%%%%%%%%%%%%%%%%%%
@book{mataric2014,
  title={Introdu{\c{c}}{\~a}o {\`a} rob{\'o}tica},
  author={Mataric, Maja J},
  journal={S{\~a}o Paulo: UNESP/BLUCHER},
  year={2014}
}





%%%%%%%%%%%%%%%%%%%%%%%%%%%%%%%%%%%%%%%%%%%%%%%%%%%%%%%%%%%%%%%%%%%%%%%%%%%%%%%%%%%%%%%%%%%%%%%%%%%%%%%%%%%%%
%REFERENCIAS DE ERNANO
%%%%%%%%%%%%%%%%%%%%%%%%%%%%%%%%%%%%%%%%%%%%%%%%%

@INPROCEEDINGS{Pradhan2016, 
author={A. {Pradhan} and S. K. {Nayak} and K. {Pande} and S. S. {Ray} and K. {Pal} and B. {Champaty} and A. {Anis} and D. N. {Tibarewala}}, 
booktitle={2016 IEEE Annual India Conference (INDICON)}, 
title={Acquisition and classification of EMG using a dual-channel EMG biopotential amplifier for controlling assistive devices}, 
year={2016}, 
volume={}, 
number={}, 
pages={1-5}, 
keywords={amplifiers;electromyography;instrumentation amplifiers;mathematics computing;medical signal detection;medical signal processing;radial basis function networks;signal classification;MLP artificial neural networks;RBF artificial neural networks;MATLAB;LabVIEW;signal classification;signal acquisition;INA128 instrumentation amplifier;biopotential amplifier;EMG;Electromyography;Feature extraction;Assistive devices;Electrodes;MATLAB;Data acquisition;Analysis of variance;assistive device;biopotential amplifier;Lab VIEW;MATLAB;artificial neural network}, 
doi={10.1109/INDICON.2016.7839015}, 
ISSN={2325-9418}, 
month={Dec},}
%https://ieeexplore.ieee.org/abstract/document/7839015
%%%%%%%%%%%%%%%%%%%%%%%%%%%%%%%%%%%%%%%%%%%%%%%%%%

%%%%%%%%%%%%%%%%%%%%%%%%%%%%%%%%%%%%%%%%%%%%%%%%%%%%%%%%%%%%%%%%%%%%%%%%%%%%%%%%%%%%%%%%%%%%%%%%%%%%%%%%%%%%%%%%%%%%%%%%%%%%%%%%

%Arrais, Ernano, and Sousa, Fernando Rangel. “Eye Movement Controlled Mouse Pointer”. VIII Microelectronics Students Forum, Brazilian Microelectronics Society (SBMicro) and the Brazilian Computer Society (SBC). Chip in the Pampa, 2008.

%http://sbmicro.org.br/sforum-eventos/sforum2008/58.pdf
%----------------------------------------------------------
%-----------------------------------------------------
%%%%%%%%%%%%%%%%%%%%%%%%%%%%%%%%%%%%%%%%%%%%%%%%%%%%%%%%%%%%%%%%%
%+++++++++++++++++++++++++++++++++++++++++++++++++++++
%+++++++++++++++++++++++++++++++++++++++++++++++++++++
@inproceedings{divya2017,
  title={Public speaking words (Indian sign language) recognition using EMG},
  author={Divya, B and Delpha, J and Badrinath, S},
  booktitle={2017 International Conference On Smart Technologies For Smart Nation (SmartTechCon)},
  pages={798--800},
  year={2017},
  organization={IEEE}
}
%https://ieeexplore.ieee.org/abstract/document/8358482
%------------------------------------------------------------
%------------------------------------------------------------
%%%%%%%%%%%%%%%%%%%%%%%%%%%%%%%%%%%%%%%%%%%%%%%%%%%%%%%%%%%%%
%+++++++++++++++++++++++++++++++++++++++++++++++++++++
%+++++++++++++++++++++++++++++++++++++++++++++++++++++
@phdthesis{barros2017,
    title={\textbf{CardBot: tecnologia educacional assistiva para inclus{\~a}o de deficientes visuais na rob{\'o}tica educacional}},
    author={Barros, R. P.},
    school={Universidade Federal do Rio Grande do Norte},
    publisher={Natal},
    year={2017}
}

%
%------------------------------------------------------------
%------------------------------------------------------------
%%%%%%%%%%%%%%%%%%%%%%%%%%%%%%%%%%%%%%%%%%%%%%%%%%%%%%%%%%%%%%%%%%
%+++++++++++++++++++++++++++++++++++++++++++++++++++++
%NA AREA DE SOFTWARE
%+++++++++++++++++++++++++++++++++++++++++++++++++++++
@mastersthesis{barros2011,
  title={Evolu{\c{c}}{\~a}o, avalia{\c{c}}{\~a}o e valida{\c{c}}{\~a}o do software roboeduc},
  author={Barros, Renata Pitta},
  year={2011},
  school={Universidade Federal do Rio Grande do Norte}
}

%------------------------------------------------------------
%------------------------------------------------------------
%%%%%%%%%%%%%%%%%%%%%%%%%%%%%%%%%%%%%%%%%%%%%%%%%%%%%%%%%%%%%%%
%+++++++++++++++++++++++++++++++++++++++++++++++++++++
%+++++++++++++++++++++++++++++++++++++++++++++++++++++
@article{ Paulette1995,
author = { Paulette   Bell   M.A. and O.T.R.  and  Jim   Hinojosa   Ph.D. and O.T.R. and F.A.O.T.A. },
title = {Perception of the Impact of Assistive Devices on Daily Life of Three Individuals with Quadriplegia},
journal = {Assistive Technology},
volume = {7},
number = {2},
pages = {87-94},
publisher = {Taylor & Francis},
year  = {1995},
doi = {10.1080/10400435.1995.10132257}
}
%
%------------------------------------------------------------
%------------------------------------------------------------
%%%%%%%%%%%%%%%%%%%%%%%%%%%%%%%%%%%%%%%%%%%%%%%%%%%%%%%%%%%%%%%
%
%+++++++++++++++++++++++++++++++++++++++++++++++++++++++++++++++++++++++
%+++++++++++++++++++++++++++++++++++++++++++++++++++++++++++++++++++++++
@phdthesis{silva2009,
  title={RoboEduc: Uma metodologia de aprendizado com Rob{\'o}tica Educacional},
  author={Silva, Alzira Ferreira da},
  year={2009},
  publisher={Universidade Federal do Rio Grande do Norte}
}

%https://repositorio.ufrn.br/jspui/bitstream/123456789/15128/1/AlziraFS.pdf
%-----------------------------------------------------------------------
%----------------------------------------------------------------------
%%%%%%%%%%%%%%%%%%%%%%%%%%%%%%%%%%%%%%%%%%%%%%%%%%%%%%%%%%%%%
%+++++++++++++++++++++++++++++++++++++++++++++++++++++
%++++++++++++++++++++++++++++++++++++++++++++++++++
@article{azevedo2010minicurso,
  title={Minicurso: introdu{\c{c}}{\~a}o a rob{\'o}tica educacional},
  author={Azevedo, S. and Agla{\'e}, Akynara and Pitta, Renata},
  journal={62{\textordfeminine} Reuni{\~a}o Anual da SBPC. Dispon{\'\i}vel em:< http://www. sbpcnet. org. br/livro/62ra/minicursos/MC\% 20Samuel\% 20Azevedo. pdf},
  year={2010}
}
%https://s3.amazonaws.com/academia.edu.documents/45571846/MC_Samuel_Azevedo_original.pdf?AWSAccessKeyId=AKIAIWOWYYGZ2Y53UL3A&Expires=1555569412&Signature=X3bk6EBZ%2FJ1EOSuz8zlH%2BTA64H4%3D&response-content-disposition=inline%3B%20filename%3DMinicurso_Introducao_a_Robotica_Educacio.pdf
%---------------------------------------------------------------------
%----------------------------------------------------------------------

%++++++++++++++++++++++++++++++++++++++++++++

@article{fachinetti2017,
  title={A Tecnologia Assistiva como facilitadora no processo de inclus{\~a}o: das pol{\'\i}ticas p{\'u}blicas a literatura},
  author={Fachinetti, Tamiris Aparecida and Carneiro, Relma Urel Carbone},
  journal={Revista on line de Pol{\'\i}tica e Gest{\~a}o Educacional},
  pages={1588--1597},
  year={2017}
}
%https://periodicos.fclar.unesp.br/rpge/article/viewFile/10093/7162
%--------------------------------------------------------------------
%---------------------------------------------------------------------
%%%%%%%%%%%%%%%%%%%%%%%%%%%%%%%%%%%%%%%%%%%%%%%%%%%%%%%%
%
%
@article{bersch2008,
  title={Introdu{\c{c}}{\~a}o {\`a} tecnologia assistiva},
  author={Bersch, Rita},
  journal={Porto Alegre: CEDI},
  pages={21},
  year={2008}
}
%http://www.assistiva.com.br/Introducao_Tecnologia_Assistiva.pdf
%

@article{bersch2017,
  title={Introdu{\c{c}}{\~a}o {\`a} tecnologia assistiva},
  author={Bersch, Rita},
  journal={Porto Alegre: CEDI},
  pages={20},
  year={2017}
}

@article{rocha2012,
  title={Tecnologia assistiva para a crian{\c{c}}a com paralisia cerebral na escola: identifica{\c{c}}{\~a}o das necessidades},
  author={Rocha, Aila Narene Dahwache Criado and Deliberato, D{\'e}bora},
  journal={Revista Brasileira de Educa{\c{c}}{\~a}o Especial},
  pages={71--92},
  year={2012},
  publisher={Associa{\c{c}}{\~a}o Brasileira de Pesquisadores em Educa{\c{c}}{\~a}o Especial-ABPEE}
}