@misc{IBGEeduca2010,
        Author = {{IBGE educa}},
        Date-Added = {2011-06-06 17:33:21 -0300},
        Date-Modified = {2011-06-06 17:33:46 -0300},
        Keywords = {Deficiente, Educação},
        Organization = {Istituto Brasileiro de Geografia e Estatística},
        Title = {PESSOAS COM DEFICIÊNCIA},
        Url = {https://educa.ibge.gov.br/jovens/conheca-o-brasil/populacao/20551-pessoas-com-deficiencia.html},
        Year = {2010},
        Note = {Data de Acesso: 18 abr. 2019}
}
%IBGEeduca; PESSOAS COM DEFICIÊNCIA. 2010. Disponível em: <https://educa.ibge.gov.br/jovens/conheca-o-brasil/populacao/20551-pessoas-com-deficiencia.html> .Acesso em: 18 de Abril de 2019.
%--------------------------------------------------------------------
%------------------------------------------------------------------

@misc{Brasil2010,
    Author = {Brasil},
    Keywords = {Tecnologias Assistivas},
    Title = {Tecnologia assistiva ajuda a melhorar a qualidade de vida de pessoas com deficiência},
    Url= {http://www.brasil.gov.br/noticias/educacao-e-ciencia/2010/08/tecnologia-assistiva},
    Year ={2010},
    Note = {Data de Acesso: 20 abr. 2019}
}

%++++++++++++++++++++++++++++++++++++++++++++++++++++++
%bortole
%++++++++++++++++++++++++++++++++++++++++++++++++++++++
@mastersthesis{bortole2011,
  title={Desenvolvimento de um Sensor H{\'\i}brido-Inclina{\c{c}}{\~a}o+ EMG-para Aplica{\c{c}}{\~o}es em Rob{\'o}tica e Fisioterapia},
  author={Bortole, M.},
  year={2011},
  school={Universidade Federal do Esp{\'\i}rito Santo}
}
%http://repositorio.ufes.br/jspui/handle/10/9619
%%%%%%%%%%%%%%%%%%%%%%%%%%%%%%%%%%%%%%%%%%%%%%%%%%%%%%%%%%%%%%
%----------------------------------------------------------------%

%%%%%%%%%%%%%%%%%%%%%%%%%%%%%%%%%%%%%%%%%%%%%%%%%%%%%%%%%%%%%%%%%%%%%%
%REIS 2014
%%%%%%%%%%%%%%%%%%%%%%%%%%%%%%%%%%%%%%%%%%%%%%%%%%%%%%%%%%%%%%%%%%%%%
@article{Reis2014,
  title={CONTROLE DE POSI{\c{C}}{\~A}O DE UM MANIPULADOR ROB{\'O}TICO UTILIZANDO SENSORES INERCIAIS E ELETROMIOGRAFIA},
  author={Gabriela L. Reis and others},
  year={2014}
}
%/http://www.swge.inf.br/cba2014/anais/PDF/1569935589.pdf
%%%%%%%%%%%%%%%%%%%%%%%%%%%%%%%%%%%%%%%%%%%%%%%%%%%%%%%%%%%%%%%%%%%%%
%-------------------------------------------------------------------%

%%%%%%%%%%%%%%%%%%%%%%%%%%%%%%%%%%%%%%
%SARRO JUNIOR 2014
%%%%%%%%%%%%%%%%%%%%%%%%%%%%%%%%%%%
@mastersthesis{SARRO2014,
  title={Controle de um bra{\c{c}}o rob{\'o}tico atrav{\'e}s de eletromiografia},
  author={Sarro{}J{r}., A. D. de; and others},
  year={2014},
  school={Universidade Tecnol{\'o}gica Federal do Paran{\'\ a}}
}
%%%%%%%%%%%%%%%%%%%%%%%%%%%%%SARRO JUNIOR, Antonio Donizeti de; MENDES JÚNIOR, José Jair Alves; FRANTZ,Steffan Hideki. Controle de um braço robótico através de eletromiografia. 2014 114f. Trabalho de Conclusão de Curso (Tecnologia Automação Industrial) -Universidade Tecnológica Federal do Paraná. Ponta Grossa, 2014.

%http://repositorio.roca.utfpr.edu.br/jspui/bitstream/1/9679/1/PG_DAELE_2014_2_11.pdf
%%%%%%%%%%%%%%%%%%
%---------------------------------------------------%


%%%%%%%%%%%%%%%%%%%%%%%%%%%%%%%%%%%%%%%%%%%%%%%%%%%%%%%%%%%%%%%%%%%%%
%
%%%%%%%%%%%%%%%%%%%%%%%%%%%%%%%%%%%%%%%%%%%%%%%%%%%%%%%%%%%%%%%%%%%%%
@article{frizon2015,
  title={ESTIMA{\c{C}}{\~A}O DIN{\^A}MICA DE {\^A}NGULO BASEADO EM GIROSC{\'O}PIO E ACELER{\^O}METRO COM FILTRO DE KALMAN},
  author={Frizon, Lucas Jos{\'e} and Peccin, VIN{\'I}CIUS BERNDSEN and Jinbo, Maro},
  year={2015}
}
% site= http://cursos.chapeco.ifsc.edu.br/engenharia/wp-content/uploads/sites/2/2015/07/TCC-Lucas-Jos%C3%A9-Frizon.pdf
%%%%%%%%%%%%%%%%%%%%%%%%%%%%%%%%%%%%%%%%%%%%%%%%%%%%%%%%%%%%%%%%%%%%
%------------------------------------------------------------------%


%%%%%%%%%%%%%%%%%%%%%%%%%%%%%%%%%%%%%%%%%%%%%%%%%%%%%%%%%%%%%%%%%%%%%
%
%%%%%%%%%%%%%%%%%%%%%%%%%%%%%%%%%%%%%%%%%%%%%%%%%%%%%%%%%%%%%%%%%%%%%
@ARTICLE{{MendesJunior2016},
author={J. J. A. {Mendes Junior} and M. B. {Pires} and S. {Okida} and S. L. {Stevan}},
journal={IEEE Latin America Transactions},
title={Robotic Arm Activation using Surface Electromyography with LABVIEW},
year={2016},
volume={14},
number={8},
pages={3597-3605},
doi={10.1109/TLA.2016.7786339},
ISSN={1548-0992}
%month={Aug},
}
%https://ieeexplore.ieee.org/abstract/document/7786339
%%%%%%%%%%%%%%%%%%%%%%%%%%%%%%%%%%%%%%%%%%%%%%%%%%%%%%%%%%%%%%%%
%--------------------------------------------------------------%%


%%%%%%%%%%%%%%%%%%%%%%%%%%%%%%%%%%%%%%%%%%%%%%%%%%%%%%%%%%%%%%%%%%%%%
%
%%%%%%%%%%%%%%%%%%%%%%%%%%%%%%%%%%%%%%%%%%%%%%%%%%%%%%%%%%%%%%%%%%%%%
@mastersthesis{mendes2016,
  title={Desenvolvimento de uma armband para captura de sinais eletromiogr{\'a}ficos para reconhecimento de movimentos},
  author={{Mendes~J{\'u}nior}, J. J. A.},
  year={2016},
  school={Universidade Tecnol{\'o}gica Federal do Paran{\'a}}
}
%http://riut.utfpr.edu.br/jspui/handle/1/2435
%%%%%%%%%%%%%%%%%%%%%%%%%%%%%%%%%%%%%%%%%%%%%%%%%%%%%%%%%%%%%%%%%%%
%%----------------------------------------------------------------%


%%%%%%%%%%%%%%%%%%%%%%%%%%%%%%%%%%%%%%%%%%%%%%%%%%%%%%%%%%%%%%%%%%%%%
%
%%%%%%%%%%%%%%%%%%%%%%%%%%%%%%%%%%%%%%%%%%%%%%%%%%%%%%%%%%%%%%%%%%%%%
@mastersthesis{baumann2018,
  title={Controle inteligente de um manipulador rob{\'o}tico com regress{\~a}o por processo gaussiano},
  author={Baumann, G. de A. B.},
  type={{B.S.} thesis},
  year={2018},
  school={Universidade Federal do Rio Grande do Norte}
}
%https://monografias.ufrn.br/jspui/bitstream/123456789/8310/1/CONTROLE%20INTELIGENTE%20DE%20UM%20MANIPULADOR%20ROB%c3%93TICO%20COM%20REGRESS%c3%83O%20POR%20PROCESSO%20GAUSSIANO.pdf
%%%%%%%%%%%%%%%%%%%%%%%%%%%%%%%%%%%%%%%%%%%%%%%%%%%%%%%%%%%%%%%%%%%
%-----------------------------------------------------------------%



%%%%%%%%%%%%%%%%%%%%%%%%%%%%%%%%%%%%%%%%%%%%%%%%%%%%%%%%%%%%%%%%%%%%%
%
%%%%%%%%%%%%%%%%%%%%%%%%%%%%%%%%%%%%%%%%%%%%%%%%%%%%%%%%%%%%%%%%%%%%%
@article{hernandez2018,
  title={Identifica{\c{c}}{\~a}o de movimentos a partir da intens{\~a}o de preens{\~a}o, baseado em Deep Learning, com sinais de EMGs para utiliza{\c{c}}{\~a}o como IHM em dispositivos rob{\'o}ticos},
  author={Hernandez Bele{\~n}o, R. D. and others},
  year={2018},
}
%http://repositorio.unicamp.br/handle/REPOSIP/332000
%%%%%%%%%%%%%%%%%%%%%%%%%%%%%%%%%%%%%%%%%%%%%%%%%%%%%%%%%%%%%%%%%
%%------------------------------------------------------------%%


%%%%%%%%%%%%%%%%%%%%%%%%%%%%%%%%%%%%%%%%%%%%%%%%%%
%correa2012
%%%%%%%%%%%%%%%%%%%%%%%%%%%%%%%%%%%
@article{correa2012,
  title={Utiliza{\c{c}}{\~a}o de diferentes t{\'e}cnicas para o controle do posicionamento dos eletrodos de superf{\'\i}cie na coleta do sinal eletromiogr{\'a}fico},
  author={Correa, Cleiton Silva and Pinto, Ronei Silveira},
  journal={Acta Brasileira do Movimento Humano},
  volume={2},
  number={2},
  pages={5--13},
  year={2012}
}
%http://www.periodicos.ulbra.br/index.php/actabrasileira/article/viewFile/2895/2174
%%%%%%%%%%%%%%%%%%%%%%%%%%%%%%%%%%%%%%%%%%%%%%%%%%%%%%%%%%%%%%%%%
%%------------------------------------------------------------%%


%%%%%%%%%%%%%%%%%%%%%%%%%%%%%%%%%%%%%%%%%%%%%%%%%%
@article{de2010,
  title={A ELETROMIOGRAFIA DE SUPERF{\'I}CIE NOS PERI{\'O}DICOS NACIONAIS EM FONOAUDIOLOGIA.},
  author={de Ara{\'u}jo Pernambuco, Leandro and da Cunha, Renata Andrade and Lins, Ot{\'a}vio and Le{\~a}o, Jair Carneiro and da Silva, Hilton Justino},
  journal={Revista CEFAC},
  volume={12},
  number={4},
  year={2010},
  publisher={SciELO Brasil}
}
%http://www.scielo.br/pdf/rcefac/v12n4/181-09.pdf
%%%%%%%%%%%%%%%%%%%%%%%%%%%%%%%%%%%%%%%%%%%%%%%%%%

%%%%%%%%%%%%%%%%%%%%%%%%%%%%%%
% nascimento2012
%%%%%%%%%%%%%%%%%%%%%%%%%%%%%%
@article{nascimento2012,
  title={ELETROMIOGRAFIA DE SUPERF{\'I}CIE DO M{\'U}SCULO MASSETER DURANTE A MASTIGA{\c{C}}{\~A}O: UMA REVIS{\~A}O SISTEM{\'A}TICA.},
  author={Nascimento, G. K. B. O. and da Cunha, Daniele Andrade and de Lima, Leilane Maria and Moraes, Klyvia Juliana Rocha de and Pernambuco, Leandro de Ara{\'u}jo and R{\'e}gis, Renata Milena Freire Lima and da Silva, Hilton Justino},
  journal={Revista CEFAC},
  volume={14},
  number={4},
  year={2012},
  publisher={SciELO Brasil}
}
%http://www.scielo.br/pdf/rcefac/2012nahead/17-11.pdf
%%%%%%%%%%%%%%%%%%%%%%%%%%%%%%%%
%----------------------------------------------%%%


%+++++++++++++++++++++++++++++++++++++++++++++++++%
%magagnin 2015
%++++++++++++++++++++++++++++++++++++++++++++++%
@mastersthesis{magagnin2015,
  title={Ambiente para aquisi{\c{c}}{\~a}o e processamento de sinal eletromiogr{\'a}fico de superf{\'\i}cie},
  author={{MAGAGNIN~J{\'U}NIOR}, A. and others},
  school={Universidade Tecnol{\'o}gica Federal do Paran{\'a}},
  year={2015}
}

%%%%%%http://riut.utfpr.edu.br/jspui/handle/1/1685
%--------------------------------------------%
%
%--------------------------------------------%

%++++++++++++++++++++++++++++++++++++++++++
%Sandra Valéria Rancan 2008
%+++++++++++++++++++++++++++++++++++++
@phdthesis{rancan2008,
  title={An{\'a}lise eletromiogr{\'a}fica dos m{\'u}sculos temporal e masseter e for{\c{c}}a de mordida em indiv{\'\i}duos com disfun{\c{c}}{\~a}o temporomandibular muscular antes e ap{\'o}s tratamento com acupuntura},
  author={Rancan, Sandra Val{\'e}ria},
  school={Universidade de S{\~a}o Paulo},
  year={2008}
}
%----------------------------------------
%http://www.teses.usp.br/teses/disponiveis/58/58137/tde-30062008-153805/en.php
%--------------------------------------------


%+++++++++++++++++++++++++++++++++++++++++
%
%+++++++++++++++++++++++++++++++++++
@phdthesis{takahashi2006,
  title={An{\'a}lise da rela{\c{c}}{\~a}o entre eletromiografia e for{\c{c}}a do m{\'u}sculo quadr{\'\i}ceps em exerc{\'\i}cios resistidos},
  author={Takahashi, Luciana Sanae Ota},
  year={2006},
  school={Universidade de S{\~a}o Paulo}
}

%http://www.teses.usp.br/teses/disponiveis/82/82131/tde-30072007-172711/en.php
%---------------------------------------------------------
%--------------------------------------------------------












%%%%%%%%%%%%%%%%%%%%%%%%%%%%%%%%%%%%%%%
%%%%%%%%%%%%%%%%%%%%%%%%%%%%%%%%%%%
%%%%%%%%%%%%%%%%%%%%%%%%%%%%%%%%%
%%%%%%%%%%%%%%%%%%%%%%%%%%%%%%
%REFERENCIAS SOBRE EMG
%%%%%%%%%%%%%%%%%%%%%%%%%%%%%%
%%%%%%%%%%%%%%%%%%%%%%%%%%%%%%%%%
%%%%%%%%%%%%%%%%%%%%%%%%%%%%%%%%%%%%
%++++++++++++++++++++++++++++++++++++++
%
%%++++++++++++++++++++++++++++++
@article{ricciotti2006,
  title={Utiliza{\c{c}}{\~a}o de wavelets no processamento de sinais EMG},
  author={Ricciotti, Antonio Carlos Duarte and others},
  year={2006},
  publisher={Universidade Federal de Uberl{\^a}ndia}
}
%http://repositorio.ufu.br/handle/123456789/14572
%---------------------------------------------------

http://demotu.org/pubs/emg.pdf

@article{barros2005,
  title={Metodologia para classifica{\c{c}}{\~a}o de sinais EMG para controle de pr{\'o}teses com baixo esfor{\c{c}}o computacional},
  author={Barros, Kety Rosa de and others},
  year={2005},
  publisher={Universidade Federal de Uberl{\^a}ndia}
}
%http://repositorio.ufu.br/handle/123456789/14654
%-----------------------------------------------------
%-------------------------------------------
%%%%%%%%%%%%%%%%%%%%%%%%%%%%%%%%%%
%+++++++++++++++++++++++++++++++++++++++++++++++
%
%++++++++++++++++++++++++++++++++++++++++++++++

@misc{BragaSite,
        Author = {Braga , N. C.},
        Date-Added = {2011-06-06 17:33:21 -0300},
        Date-Modified = {2011-06-06 17:33:46 -0300},
        Keywords = {Deficiente, Educação},
        Organization = {Istituto Brasileiro de Geografia e Estatística},
        Title = {Amplificador operacional não inversor (M021)},
        Url = {http://www.newtoncbraga.com.br/index.php/matematica-para-eletronica/634-amplificador-operacional-nao-inversor-m021.html},
        Year = {201x},
        Note = {Data de Acesso: 21 abr. 2019}
}
%http://www.newtoncbraga.com.br/index.php/matematica-para-eletronica/634-amplificador-operacional-nao-inversor-m021.html
%-------------------------------------------
%------------------------------------------
%%%%%%%%%%%%%%%%%%%%%%%%%%%%%%%%%%%%%%%%%%



%+++++++++++++++++++++++++++++++
% Arquivo muito bom para ler sobre as recomendaçoes SENIAM
%
@article{marchetti2006,
  title={Instrumenta{\c{c}}{\~a}o em eletromiografia},
  author={Marchetti, Paulo Henrique and Duarte, Marcos},
  journal={Laborat{\'o}rio de Biof{\'\i}sica, Escola de Educa{\c{c}}{\~a}o F{\'\i}sica e Esporte. S{\~a}o Paulo: Universidade de S{\~a}o Paulo},
  year={2006}
}
%----------------------------------------------------
%------------------------------------------------

%
%
%
@article{velloso2004,
  title={Prot{\'o}tipo de um Eletromi{\'o}grafo Digital},
  author={VELLOSO, ROBERTO PANERAI},
  journal={Blumenau: Universidade Regional de Blumenau},
  pages={38},
  year={2004}
}
%%http://www.inf.furb.br/departamento/arquivos/tccs/monografias/2004-1robertopaneraivellosovf.pdf
%

%++++++++++++++++++++++++++++++++++++
%++++++++++++++++++++++++++++++++++++++++++++++++++
%
@article{souza2015,
  title={Sistema de aquisi{\c{c}}{\~a}o de sinais de EMG e ECG para plataforma Android},
  author={Souza, P. V. E. de},
  year={2015}
}
%https://repositorio.ufpe.br/bitstream/123456789/14022/1/Disserta%C3%A7%C3%A3o%20Vers%C3%A3o%2013.pdf
%----------------------------------------
%------------------------------------------------
%%%%%%%%%%%%%%%%%%%%%%%%%%%%%%%%%
%+++++++++++++++++++++++++++++++++++++++++++
%
%+++++++++++++++++++++++++++++++++++++++++++
@book{BOYLESTAD2004,
  title={DISPOSITIVOS ELETRÔNICOS E TEORIA DE CIRCUITOS},
  author={Boylestad, Robert and Nashelsky, Louis},
  year={2004},
  publisher={PEARSON}
}
%-------------------------------------------------
%--------------------------------------------------
%%%%%%%%%%%%%%%%%%%%%%%%%%%%%%%%%%%%%%%%%%%%%%%%%%
%
%
%
@book{pertence2003,
  title={Amplificadores Operacionais e Filtros Ativos-6},
  author={{PERTENCE~J{\'U}NIOR}, A.},
  year={2003},
  publisher={Bookman Editora}
}
%+++++++++++++++++++++++++++++++++++++++++++++++++++
%++++++++++++++++++++++++++++++++++++++++++++++++
@mastersthesis{forti2005,
  title={An{\'a}lise do sinal eletromiogr{\'a}fico em diferentes posicionamentos, tipos de eletrodos, {\^a}ngulos articulares e intensidades de contra{\c{c}}{\~a}o},
  author={Forti, F},
  School ={UNIMEP},
  year={2005}
}
%https://www.unimep.br/phpg/bibdig/pdfs/2006/DURWSSEQMJEM.pdf
%-------------------------------------------------

%%%%%%%%%%%%%%%%%%%%%%%%%%%%%%%%%%%%%%%%%%%%%%%%%%%%%%%%%%%%%%%%%
% TECNOLOGIAS ASSISTIVAS
%%%%%%%%%%%%%%%%%%%%%%%%%%%%%%%%%%%%%%%%%%%%%%%%%%%%%%%%%%%%%%%%%
%++++++++++++++++++++++++++++++++++++++++++++++++++++++++++++++
%+++++++++++++++++++++++++++++++++++++++++++++++++++++++++++++
@phdthesis{richardson2009,
  title={Pobreza, defici{\^e}ncia visual e pol{\'\i}ticas s{\'o}cioeducativas.},
  author={Richardson, Zilma Maria Ramos Jarry and others},
  year={2009},
  publisher={Universidade Federal da Para{\'\i}ba}
}
%https://jornalggn.com.br/sites/default/files/documentos/Zilma_Richardson.pdf
%-------------------------------------------------------------
%-------------------------------------------------------------
%%%%%%%%%%%%%%%%%%%%%%%%%%%%%%%%%%%%%%%%%%%%%%%%%%%%%%%%%%%%%%%%%%%%%%%%%%%%%%
%++++++++++++++++++++++++++++++++++++++++++++++++++++++
%++++++++++++++++++++++++++++++++++++++++++++++++++++++++
@article{rodrigues2013,
  title={Tecnologia assistiva-uma revis{\~a}o do tema},
  author={Rodrigues, Patr{\'\i}cia Rocha and Alves, Lynn Rosalina Gama},
  year={2013}
}
%http://repositoriosenaiba.fieb.org.br/bitstream/fieb/687/1/Tecnologia%20assistiva%20-%20uma%20revis%C3%A3o%20....pdf
%-----------------------------------------------------------------
%-----------------------------------------------------------------
%%%%%%%%%%%%%%%%%%%%%%%%%%%%%%%%%%%%%%%%%%%%%
%+++++++++++++++++++++++++++++++++++++++
%++++++++++++++++++++++++++++++++++++++


%------------------------------------------
%-------------------------------------------



%MELGES, Danilo. Filtros Ativos Parte 1. Belo Horizonte: Universidade Federal de Minas Gerais, 2015. 45 slides, color. Disponível em: <http://www.cpdee.ufmg.br/~danilomelges//circ3/Aula8-FiltrosAtivosPt1.pdf>. Acesso em: 15 abr. 2019.
%%%%%%%%%%%%%%%%%%%%%%%%%%%%%%%%%%%%%%%
%%%%%%%%%%%%%%%%%%%%%%%%%%%%%%%%%%%
%%%%%%%%%%%%%%%%%%%%%%%%%%%%%%%%%
%%%%%%%%%%%%%%%%%%%%%%%%%%%%%%
%REFERENCIAS SOBRE ROBOTICA
%%%%%%%%%%%%%%%%%%%%%%%%%%%%%%
%%%%%%%%%%%%%%%%%%%%%%%%%%%%%%%%%
%%%%%%%%%%%%%%%%%%%%%%%%%%%%%%%%%%%%
@book{mataric2014,
  title={Introdu{\c{c}}{\~a}o {\`a} rob{\'o}tica},
  author={Mataric, Maja J},
  journal={S{\~a}o Paulo: UNESP/BLUCHER},
  year={2014}
}





%%%%%%%%%%%%%%%%%%%%%%%%%%%%%%%%%%%%%%%%%%%%%%%%%%%%%%%%%%%%%%%%%%%%%%%%%%%%%%%%%%%%%%%%%%%%%%%%%%%%%%%%%%%%%
%REFERENCIAS DE ERNANO
%%%%%%%%%%%%%%%%%%%%%%%%%%%%%%%%%%%%%%%%%%%%%%%%%

@INPROCEEDINGS{Pradhan2016, 
author={A. {Pradhan} and S. K. {Nayak} and K. {Pande} and S. S. {Ray} and K. {Pal} and B. {Champaty} and A. {Anis} and D. N. {Tibarewala}}, 
booktitle={2016 IEEE Annual India Conference (INDICON)}, 
title={Acquisition and classification of EMG using a dual-channel EMG biopotential amplifier for controlling assistive devices}, 
year={2016}, 
volume={}, 
number={}, 
pages={1-5}, 
keywords={amplifiers;electromyography;instrumentation amplifiers;mathematics computing;medical signal detection;medical signal processing;radial basis function networks;signal classification;MLP artificial neural networks;RBF artificial neural networks;MATLAB;LabVIEW;signal classification;signal acquisition;INA128 instrumentation amplifier;biopotential amplifier;EMG;Electromyography;Feature extraction;Assistive devices;Electrodes;MATLAB;Data acquisition;Analysis of variance;assistive device;biopotential amplifier;Lab VIEW;MATLAB;artificial neural network}, 
doi={10.1109/INDICON.2016.7839015}, 
ISSN={2325-9418}, 
month={Dec},}
%https://ieeexplore.ieee.org/abstract/document/7839015
%%%%%%%%%%%%%%%%%%%%%%%%%%%%%%%%%%%%%%%%%%%%%%%%%%

%%%%%%%%%%%%%%%%%%%%%%%%%%%%%%%%%%%%%%%%%%%%%%%%%%%%%%%%%%%%%%%%%%%%%%%%%%%%%%%%%%%%%%%%%%%%%%%%%%%%%%%%%%%%%%%%%%%%%%%%%%%%%%%%

%Arrais, Ernano, and Sousa, Fernando Rangel. “Eye Movement Controlled Mouse Pointer”. VIII Microelectronics Students Forum, Brazilian Microelectronics Society (SBMicro) and the Brazilian Computer Society (SBC). Chip in the Pampa, 2008.

%http://sbmicro.org.br/sforum-eventos/sforum2008/58.pdf
%----------------------------------------------------------
%-----------------------------------------------------
%%%%%%%%%%%%%%%%%%%%%%%%%%%%%%%%%%%%%%%%%%%%%%%%%%%%%%%%%%%%%%%%%
%+++++++++++++++++++++++++++++++++++++++++++++++++++++
%+++++++++++++++++++++++++++++++++++++++++++++++++++++
@inproceedings{divya2017,
  title={Public speaking words (Indian sign language) recognition using EMG},
  author={Divya, B and Delpha, J and Badrinath, S},
  booktitle={2017 International Conference On Smart Technologies For Smart Nation (SmartTechCon)},
  pages={798--800},
  year={2017},
  organization={IEEE}
}
%https://ieeexplore.ieee.org/abstract/document/8358482
%------------------------------------------------------------
%------------------------------------------------------------
%%%%%%%%%%%%%%%%%%%%%%%%%%%%%%%%%%%%%%%%%%%%%%%%%%%%%%%%%%%%%
%+++++++++++++++++++++++++++++++++++++++++++++++++++++
%+++++++++++++++++++++++++++++++++++++++++++++++++++++
@phdthesis{barros2017,
    title={\textbf{CardBot: tecnologia educacional assistiva para inclus{\~a}o de deficientes visuais na rob{\'o}tica educacional}},
    author={Barros, R. P.},
    school={Universidade Federal do Rio Grande do Norte},
    publisher={Natal},
    year={2017}
}

%
%------------------------------------------------------------
%------------------------------------------------------------
%%%%%%%%%%%%%%%%%%%%%%%%%%%%%%%%%%%%%%%%%%%%%%%%%%%%%%%%%%%%%%%%%%
%+++++++++++++++++++++++++++++++++++++++++++++++++++++
%NA AREA DE SOFTWARE
%+++++++++++++++++++++++++++++++++++++++++++++++++++++
@mastersthesis{barros2011,
  title={Evolu{\c{c}}{\~a}o, avalia{\c{c}}{\~a}o e valida{\c{c}}{\~a}o do software roboeduc},
  author={Barros, Renata Pitta},
  year={2011},
  school={Universidade Federal do Rio Grande do Norte}
}

%------------------------------------------------------------
%------------------------------------------------------------
%%%%%%%%%%%%%%%%%%%%%%%%%%%%%%%%%%%%%%%%%%%%%%%%%%%%%%%%%%%%%%%
%+++++++++++++++++++++++++++++++++++++++++++++++++++++
%+++++++++++++++++++++++++++++++++++++++++++++++++++++
@article{ Paulette1995,
author = { Paulette   Bell   M.A. and O.T.R.  and  Jim   Hinojosa   Ph.D. and O.T.R. and F.A.O.T.A. },
title = {Perception of the Impact of Assistive Devices on Daily Life of Three Individuals with Quadriplegia},
journal = {Assistive Technology},
volume = {7},
number = {2},
pages = {87-94},
publisher = {Taylor & Francis},
year  = {1995},
doi = {10.1080/10400435.1995.10132257}
}
%
%------------------------------------------------------------
%------------------------------------------------------------
%%%%%%%%%%%%%%%%%%%%%%%%%%%%%%%%%%%%%%%%%%%%%%%%%%%%%%%%%%%%%%%
%
%+++++++++++++++++++++++++++++++++++++++++++++++++++++++++++++++++++++++
%+++++++++++++++++++++++++++++++++++++++++++++++++++++++++++++++++++++++
@phdthesis{silva2009,
  title={RoboEduc: Uma metodologia de aprendizado com Rob{\'o}tica Educacional},
  author={Silva, Alzira Ferreira da},
  year={2009},
  publisher={Universidade Federal do Rio Grande do Norte}
}

%https://repositorio.ufrn.br/jspui/bitstream/123456789/15128/1/AlziraFS.pdf
%-----------------------------------------------------------------------
%----------------------------------------------------------------------
%%%%%%%%%%%%%%%%%%%%%%%%%%%%%%%%%%%%%%%%%%%%%%%%%%%%%%%%%%%%%
%+++++++++++++++++++++++++++++++++++++++++++++++++++++
%++++++++++++++++++++++++++++++++++++++++++++++++++
@article{azevedo2010minicurso,
  title={Minicurso: introdu{\c{c}}{\~a}o a rob{\'o}tica educacional},
  author={Azevedo, S. and Agla{\'e}, Akynara and Pitta, Renata},
  journal={62{\textordfeminine} Reuni{\~a}o Anual da SBPC. Dispon{\'\i}vel em:< http://www. sbpcnet. org. br/livro/62ra/minicursos/MC\% 20Samuel\% 20Azevedo. pdf},
  year={2010}
}
%https://s3.amazonaws.com/academia.edu.documents/45571846/MC_Samuel_Azevedo_original.pdf?AWSAccessKeyId=AKIAIWOWYYGZ2Y53UL3A&Expires=1555569412&Signature=X3bk6EBZ%2FJ1EOSuz8zlH%2BTA64H4%3D&response-content-disposition=inline%3B%20filename%3DMinicurso_Introducao_a_Robotica_Educacio.pdf
%---------------------------------------------------------------------
%----------------------------------------------------------------------

%++++++++++++++++++++++++++++++++++++++++++++

@article{fachinetti2017,
  title={A Tecnologia Assistiva como facilitadora no processo de inclus{\~a}o: das pol{\'\i}ticas p{\'u}blicas a literatura},
  author={Fachinetti, Tamiris Aparecida and Carneiro, Relma Urel Carbone},
  journal={Revista on line de Pol{\'\i}tica e Gest{\~a}o Educacional},
  pages={1588--1597},
  year={2017}
}
%https://periodicos.fclar.unesp.br/rpge/article/viewFile/10093/7162
%--------------------------------------------------------------------
%---------------------------------------------------------------------
%%%%%%%%%%%%%%%%%%%%%%%%%%%%%%%%%%%%%%%%%%%%%%%%%%%%%%%%
%
%
@article{bersch2008,
  title={Introdu{\c{c}}{\~a}o {\`a} tecnologia assistiva},
  author={Bersch, Rita},
  journal={Porto Alegre: CEDI},
  pages={21},
  year={2008}
}
%http://www.assistiva.com.br/Introducao_Tecnologia_Assistiva.pdf
%
%

BERSCH, Rita. Introdução à tecnologia assistiva. Porto Alegre: CEDI, 2008. 

BRASIL, Presidência da República Casa Civil, “DECRETO Nº 3.298, DE 20 DE DEZEMBRO DE 1999”. Disponível em: http://www.planalto.gov.br/ccivil_03/decreto/d3298.htm . Acesso em: 12 de março de 2018. 

BRASIL, Presidência da República Casa Civil, “DECRETO Nº 5.296 DE 2 DE DEZEMBRO DE 2004”. Disponível em: http://www.planalto.gov.br/ccivil_03/_ato2004-2006/2004/decreto/d5296.htm. Acesso em: 12 de março de 2018. 

BRASIL, Secretaria Nacional de Promoção dos Direitos da Pessoa com Deficiência, “Tecnologia Assistiva”. Comitê de Ajudas Técnicas, 2009. Disponível em: http://www.pessoacomdeficiencia.gov.br/app/publicacoes/tecnologia-assistiva. Acesso em: 12 de março de 2018. 

C. Choi and J. Kim, "A Real-time EMG-based Assistive Computer Interface for the Upper Limb Disabled," 2007 IEEE 10th International Conference on Rehabilitation Robotics, Noordwijk, 2007, pp. 459-462. 

C. Faria, W. Erlhagen, M. Rito, E. De Momi, G. Ferrigno and E. Bicho, "Review of Robotic Technology for Stereotactic Neurosurgery," in IEEE Reviews in Biomedical Engineering, vol. 8, pp. 125-137, 2015. 

C. Holloway and H. Dawes, "Disrupting the world of Disability: The Next Generation of Assistive Technologies and Rehabilitation Practices," in Healthcare Technology Letters, vol. 3, no. 4, pp. 254-256, 12 2016. 

C. Valadão et al., "Educational robotics as a learning aid for disabled children," ISSNIP Biosignals and Biorobotics Conference 2011, Vitoria, 2011, pp. 1-6. 

Caldwell, P. at al. "Biomechanics: Surface Electromyography Prosthesis Control". In: Biomedical Engineering and Informatics (BMEI), 2012 5th International Conference on, Chongqing, China, p.786-789. 2012. 

CERQUEIRA, J. B. & FERREIRA, E. M. Recursos didáticos na educação especial. Instituto Benjamin Constant – Rede Saci, 2004.


Cerutti, S.; MARCHESI, C. Advanced methods of biomedical signal processing. John Wiley & Sons, v. 27, 2011. Christe, B. Introduction to biomedical instrumentation: The technology of patient care. Cambridge University Press, 2009. 

D. Farina et al., "The Extraction of Neural Information from the Surface EMG for the Control of Upper-Limb Prostheses: Emerging Avenues and Challenges," in IEEE Transactions on Neural Systems and Rehabilitation Engineering, vol. 22, no. 4, pp. 797-809, July 2014. 

D. R. Lingegowda, K. Amrutesh and S. Ramanujam, "Electrooculography based assistive technology for ALS patients," 2017 IEEE International Conference on Consumer Electronics-Asia (ICCE-Asia), Bangalore, 2017, pp. 36-40. 

D’ABREU, João Vilhete Viegas et al. Robótica educativa/pedagógica na era digital. In: II Congresso Internacional TIC e Educação. Disponível em:. Acesso em. 2013. 

Dang Yuanyi, "The design of disabled people assistant," 2010 International Conference on Educational and Network Technology, Qinhuangdao, 2010, pp. 402-405. 

DAUTENHAHN, Kerstin. Roles and functions of robots in human society: implications from research in autism therapy. Robotica, v. 21, n. 4, p. 443-452, 2003. 

DAUTENHAHN, Kerstin; WERRY, Iain. Towards interactive robots in autism therapy: Background, motivation and challenges. Pragmatics & Cognition, v. 12, n. 1, p. 1-35, 2004. 

DAUTENHAHN, Kerstin; OGDEN, Bernard; QUICK, Tom. From embodied to socially embedded agents–implications for interaction-aware robots. Cognitive Systems Research, v. 3, n. 3, p. 397-428, 2002. 

DOS SANTOS, Tatiana Nilson; POZZEBON, Eliane; FRIGO, Luciana Bolan. Robótica Aplicada à Educação Especial. E. Bock et al., "Integrated Supervisory System to control a Reconfigurable Platform of Assistive Technology," 2017 3rd International Conference on Control, Automation and Robotics (ICCAR), Nagoya, 2017, pp. 444-447. 

F. Chen, Z. Li, C. L. Philip Chen and S. Agaian, "Introduction to the Special Issue on Human Cooperative Wearable Robotic Systems," in IEEE Robotics and Automation Letters, vol. 3, no. 1, pp. 466-468, Jan. 2018. 

F. Fazana, A. Alsadoon, P. W. C. Prasad, N. Costadopoulos, A. Elchouemi and S. Sreedharan, "Integration of assistive and wearable technology to improve communication, social interaction and health monitoring for children with autism spectrum disorder (ASD)," 2017 IEEE Region 10 Symposium (TENSYMP), Cochin, 2017, pp. 1-5. 

G. Borelli, J. Jovic Bonnet, Y. Rosales Hernandez, K. Matsuda and J. Damerau, "Spectral-Distance-Based Detection of EMG Activity From Capacitive Measurements," in IEEE Sensors Journal, vol. 18, no. 20, pp. 8502-8509, 15 Oct.15, 2018. 

G. Jang, J. Kim, S. Lee and Y. Choi, "EMG-Based Continuous Control Scheme With Simple Classifier for Electric-Powered Wheelchair," in IEEE Transactions on Industrial Electronics, vol. 63, no. 6, pp. 3695-3705, June 2016. 

GOODRICH, Michael A.; SCHULTZ, Alan C. Human-robot interaction: a survey. Foundations and trends in human-computer interaction, v. 1, n. 3, p. 203-275, 2007. 

H. Ferasoli-Filho, M. A. C. Caldeira, R. Pegoraro, S. F. dos Reis Alves, C. Valadão and T. F. Bastos-Filho, "Use of myoelectric signals to command mobile entertainment robot by disabled children: Design and control architecture," 2012 ISSNIP Biosignals and Biorobotics Conference: Biosignals and Robotics for Better and Safer Living (BRC), Manaus, 2012, pp. 1-5. 

H. Jiang, B. S. Duerstock and J. P. Wachs, "Variability Analysis on Gestures for People With Quadriplegia," in IEEE Transactions on Cybernetics, vol. 48, no. 1, pp. 346-356, Jan. 2018. 

H. Liang et al., "Construction of power assistive system for the control of upper limb wearable exoskeleton robot with electroencephalography signals," 2017 IEEE International Conference on Cyborg and Bionic Systems (CBS), Beijing, 2017, pp. 165-168.

I. Asghar, S. Cang and H. Yu, "Software based assistive technologies for people with dementia: Current achievements and future trends," 2016 10th International Conference on Software, Knowledge, Information Management & Applications (SKIMA), Chengdu, 2016, pp. 162-168. 

I. Iacono, H. Lehmann, P. Marti, B. Robins and K. Dautenhahn, "Robots as social mediators for children with Autism - A preliminary analysis comparing two different robotic platforms," 2011 IEEE International Conference on Development and Learning (ICDL), Frankfurt am Main, 2011, pp. 1-6. 

I. M. Verner and D. J. Ahlgren, "An assistive robot contest: Designs and interactions," 2012 7th ACM/IEEE International Conference on Human-Robot Interaction (HRI), Boston, MA, 2012, pp. 263-264. 

J. A. Spanias, E. J. Perreault and L. J. Hargrove, "Detection of and Compensation for EMG Disturbances for Powered Lower Limb Prosthesis Control," in IEEE Transactions on Neural Systems and Rehabilitation Engineering, vol. 24, no. 2, pp. 226-234, Feb. 2016. 

J. Furukawa, T. Noda, T. Teramae and J. Morimoto, "Human Movement Modeling to Detect Biosignal Sensor Failures for Myoelectric Assistive Robot Control," in IEEE Transactions on Robotics, vol. 33, no. 4, pp. 846-857, Aug. 2017. 

K. Kiguchi and Y. Hayashi, "An EMG-Based Control for an Upper-Limb Power-Assist Exoskeleton Robot," in IEEE Transactions on Systems, Man, and Cybernetics, Part B (Cybernetics), vol. 42, no. 4, pp. 1064-1071, Aug. 2012. 

KAPLAN, Abraham. A conduta na pesquisa: Metodología para as ciencias do comportamento. Sao Paulo: Editora Herder, 1969. 

K. Rajendran, A. Samraj and M. Rajavel, "Gesture and Hand Activity Based Emergency Response Communication by Patients, Elderly and Disabled While Using Data Gloves," 2013 4th International Conference on Intelligent Systems, Modelling and Simulation, Bangkok, 2013, pp. 264-269. 

K. Y. Chin, Z. W. Hong and Y. L. Chen, "Impact of Using an Educational Robot-Based Learning System on Students’ Motivation in Elementary Education," in IEEE Transactions on Learning Technologies, vol. 7, no. 4, pp. 333-345, Oct.-Dec. 1 2014. 

L. H. Smith, T. A. Kuiken and L. J. Hargrove, "Evaluation of Linear Regression Simultaneous Myoelectric Control Using Intramuscular EMG," in IEEE Transactions on Biomedical Engineering, vol. 63, no. 4, pp. 737-746, April 2016. 

M. M. Rahman, A. Uddin and S. Kabir, "Voice and EMG signal based low-cost automated assistive arm," 2017 IEEE Region 10 Humanitarian Technology Conference (R10-HTC), Dhaka, 2017, pp. 309-312. MEC, Política Nacional de Educação Especial na Perspectiva da Educação Inclusiva, 2008. 

M. Chevalier, F. Riedo and F. Mondada, "Pedagogical Uses of Thymio II: How Do Teachers Perceive Educational Robots in Formal Education?," in IEEE Robotics & Automation Magazine, vol. 23, no. 2, pp. 16-23, June 2016. 

M. Fisun, A. Shved, Y. Nezdoliy and Y. Davydenko, "The experience in application of information technologies for teaching of disabled students," 2015 IEEE 8th International Conference on Intelligent Data Acquisition and Advanced Computing Systems: Technology and Applications (IDAACS), Warsaw, 2015, pp. 935-939. 

N. C. Hanumara, J. Narain and A. Winter, "Digital Magnifying Glasses for Low-Vision Learners: Bringing Assistive Technologies to the Developing World," in IEEE Pulse, vol. 8, no. 5, pp. 31-35, Sept.-Oct. 2017. 

N. Mohammed, Z. Ahmed and R. Alam, "Design and development of low-cost EMG amplifier for assistive technology," 2017 IEEE International Conference on Power, Control, Signals and Instrumentation Engineering (ICPCSI), Chennai, 2017, pp. 137-140. 

N. Ragot et al., "Enhancing the Autonomy of Disabled Persons: Assistive Technologies Directed by User Feedback," 2013 Fourth International Conference on Emerging Security Technologies, Cambridge, 2013, pp. 71-74. 

N. Shirahama, Y. Sakuragi, S. Watanabe, N. Nakaya, Y. Mori and K. Miyamoto, "Development of input assistance application for mobile devices for physically disabled," 15th IEEE/ACIS International Conference on Software Engineering, Artificial Intelligence, Networking and Parallel/Distributed Computing (SNPD), Las Vegas, NV, 2014, pp. 1-6.

NOURBAKHSH, Illah R. et al. The robotic autonomy mobile robotics course: Robot design, curriculum design and educational assessment. Autonomous Robots, v. 18, n. 1, p. 103-127, 2005. 

Oliveira, J.d-P.F.; Arrais, E.; Roda, V.O., "A reconfigurable control system using EMG," in Instrumentation and Measurement Technology Conference (I2MTC) Proceedings, 2014 IEEE International , vol., no., pp.1318-1321, 12-15 May 2014. P. Geethanjali and K. K. Ray, "A Low-Cost Real-Time Research Platform for EMG Pattern Recognition-Based Prosthetic Hand," in IEEE/ASME Transactions on Mechatronics, vol. 20, no. 4, pp. 1948-1955, Aug. 2015. 

P. K. Artemiadis and K. J. Kyriakopoulos, "A Switching Regime Model for the EMG-Based Control of a Robot Arm," in IEEE Transactions on Systems, Man, and Cybernetics, Part B (Cybernetics), vol. 41, no. 1, pp. 53-63, Feb. 2011. 

P. Jayashree, S. Shrinidhi, V. Aishwarya and A. Sravanthi, "Smart assistive technologies for aging society: Requirements, response and reality," 2016 Eighth International Conference on Advanced Computing (ICoAC), Chennai, 2017, pp. 111-116. 

P. K. Artemiadis and K. J. Kyriakopoulos, "An EMG-Based Robot Control Scheme Robust to Time-Varying EMG Signal Features," in IEEE Transactions on Information Technology in Biomedicine, vol. 14, no. 3, pp. 582-588, May 2010. 

P. K. Artemiadis and K. J. Kyriakopoulos, "EMG-Based Control of a Robot Arm Using Low-Dimensional Embeddings," in IEEE Transactions on Robotics, vol. 26, no. 2, pp. 393-398, April 2010. doi: 10.1109/TRO.2009.2039378 

P. S. Gasparello, M. Tanzini, P. Tripicchio and C. A. Avizzano, "A novel forklift solution for promoting occupational re-integration of disabled people," 22nd Mediterranean Conference on Control and Automation, Palermo, 2014, pp. 334-339. 

POLETTO SONZA. A. & COSTI SANTAROSA, Lucila Maria. Ambientes Digitais Virtuais: Acessibilidade aos Deficientes Visuais - CINTED-UFRGS. Novas tecnologias em educação. Volume 01 no. 01 Disponível em: http://daniremiao.com/ihc/material/artigos_seminario/grupo1.pdf. Acesso em: 11 de Maio de 2010. 

R. Hashim and H. Yussof, "Preparation for adulthood: Benefits of assistive technologies in social skills training of children with autism," 2017 IEEE International Symposium on Robotics and Intelligent Sensors (IRIS), Ottawa, ON, Canada, 2017, pp. 374-378. 

R. Pitta Barros, A. Medeiros Filgueira Burlamaqui, S. Oliveira de Azevedo, S. Thomaz de Lima Sa, L. Marcos Garcia Goncalves and A. Aglae R S. da Silva Burlamaqui, "CardBot - Assistive Technology for Visually Impaired in Educational Robotics: Experiments and Results," in IEEE Latin America Transactions, vol. 15, no. 3, pp. 517-527, March 2017. 

R. G. Gosine, W. S. Harwin and R. D. Jackson, "An interactive robot workstation for applications in rehabilitation," EEE International Workshop on Intelligent Robots and Systems, Towards a New Frontier of Applications, Ibaraki, 1990, pp. 977-983 vol.2. 

R. G. Gosine, W. S. Harwin and R. D. Jackson, "Robots in educational and vocational applications for the severely physically disabled," IEE Colloquium on High-Tech Help for the Handicapped, London, 1990, pp. 7/1-7/3. 

REIS, N. M. M. Tecnologia Assistiva: Recursos facilitadores no processo de aprendizagem dos alunos com necessidades educacionais especiais – PUC Virtual, 2005. 

S. Reiser, R. Bruce, J. Martin and B. Skidmore, "Making Together: An Interdisciplinary, Inter-institutional Assistive-Technology Project," in IEEE Computer Graphics and Applications, vol. 37, no. 5, pp. 9-14, 2017. 

S. Y. Araki et al., "Computational modelling of an automatic wheelchair lift system for assistive technology," 2017 3rd International Conference on Control, Automation and Robotics (ICCAR), Nagoya, 2017, pp. 448-452. 

S. Zhang et al., "A Predictive Model for Assistive Technology Adoption for People With Dementia," in IEEE Journal of Biomedical and Health Informatics, vol. 18, no. 1, pp. 375-383, Jan. 2014.

Sasaki, Minoru and Amri, Muhammad Syaiful Bin Suhaimi and Matsushita, Kojiro and Ito, Satoshi and Rusydi, Muhammad Ilhamdi. Robot Control System Based on Electrooculography and Electromyogram. Journal of Computer and Communications, 3, pp. 113-120, 2015. 

SILVA, Alzira Ferreira da. RoboEduc: uma metodologia de aprendizado com robótica educacional. 2009. 127 f. Tese (Doutorado em Automação e Sistemas; Engenharia de Computação; Telecomunicações) - Universidade Federal do Rio Grande do Norte, Natal, 2009. 

T. L. A. Crenshaw, "Using Robots and Contract Learning to Teach Cyber-Physical Systems to Undergraduates," in IEEE Transactions on Education, vol. 56, no. 1, pp. 116-120, Feb. 2013. 

T. Teramae, T. Noda and J. Morimoto, "EMG-Based Model Predictive Control for Physical Human–Robot Interaction: Application for Assist-As-Needed Control," in IEEE Robotics and Automation Letters, vol. 3, no. 1, pp. 210-217, Jan. 2018. 

USA, “Technology-related assistance for individuals with disabilities act pf 1988 as amented in 1994”. Disponível em: https://www.justice.gov/jmd/technology-related-assistance-individuals-disabilities-act-amendments-1994-pl-103-218. Acesso em 12 de março de 2018. 

V. Squeri, L. Masia, P. Giannoni, G. Sandini and P. Morasso, "Wrist rehabilitation in chronic stroke patients by means of adaptive, progressive robot-aided therapy," in IEEE Transactions on Neural Systems and Rehabilitation Engineering, vol. 22, no. 2, pp. 312-325, March 2014. 

Y. W. Cheng, P. C. Sun and N. S. Chen, "An Investigation of the Needs on Educational Robots," 2017 IEEE 17th International Conference on Advanced Learning Technologies (ICALT), Timisoara, 2017, pp. 536-538.

%+++++++++++++++++++++++++++++++++++++++++++++++++++++
%+++++++++++++++++++++++++++++++++++++++++++++++++++++


%
%------------------------------------------------------------
%------------------------------------------------------------
%%%%%%%%%%%%%%%%%%%%%%%%%%%%%%%%%%%%%%%%%%%%%%%%%%%%%%%%%%%%%%%
%+++++++++++++++++++++++++++++++++++++++++++++++++++++
%+++++++++++++++++++++++++++++++++++++++++++++++++++++


%
%------------------------------------------------------------
%------------------------------------------------------------
%%%%%%%%%%%%%%%%%%%%%%%%%%%%%%%%%%%%%%%%%%%%%%%%%%%%%%%%%%%%%%%
%+++++++++++++++++++++++++++++++++++++++++++++++++++++
%+++++++++++++++++++++++++++++++++++++++++++++++++++++


%
%------------------------------------------------------------
%------------------------------------------------------------
%%%%%%%%%%%%%%%%%%%%%%%%%%%%%%%%%%%%%%%%%%%%%%%%%%%%%%%%%%%%%%%
%+++++++++++++++++++++++++++++++++++++++++++++++++++++
%+++++++++++++++++++++++++++++++++++++++++++++++++++++


%
%------------------------------------------------------------
%------------------------------------------------------------
%%%%%%%%%%%%%%%%%%%%%%%%%%%%%%%%%%%%%%%%%%%%%%%%%%%%%%%%%%%%%%%
%+++++++++++++++++++++++++++++++++++++++++++++++++++++
%+++++++++++++++++++++++++++++++++++++++++++++++++++++


%
%------------------------------------------------------------
%------------------------------------------------------------
%%%%%%%%%%%%%%%%%%%%%%%%%%%%%%%%%%%%%%%%%%%%%%%%%%%%%%%%%%%%%%%
%+++++++++++++++++++++++++++++++++++++++++++++++++++++
%+++++++++++++++++++++++++++++++++++++++++++++++++++++


%
%------------------------------------------------------------
%------------------------------------------------------------
%%%%%%%%%%%%%%%%%%%%%%%%%%%%%%%%%%%%%%%%%%%%%%%%%%%%%%%%%%%%%%%
%+++++++++++++++++++++++++++++++++++++++++++++++++++++
%+++++++++++++++++++++++++++++++++++++++++++++++++++++


%
%------------------------------------------------------------
%------------------------------------------------------------




















%%%%%%%%%%%%%%%%%%%%%%%%%%%%%%%%%%%%%%%%%%%%%%%%%%%%%%%%%%%%%%%%%%%%%%%%%%%%%%%%%%%%%%%%%%%%%%%%%%%%%%%%%%%%%%%%
%MEU TCC DE CET


@PhdThesis{Arrais2016,
  Author = {{Arrais~Junior}, Ernano},
  Title = {Sistema de Análise de Sinal Cardíaco para Aplicação em Telecardiologia},
  School  = {Universidade Federal do Rio Grande do Norte(UFRN)},
  Year = {2016},
  type   = {Tese doutorado},
}

@Misc{BIH,
	author = {Moody, GB. Mark RG.},
	title =  {The impact of the MIT-BIH Arrhythmia Database.},
	year ={2001},
	school ={IEEE Eng in Med and Biol},
	note  = {Disponível em:},
    url   = {http://www.physionet.org/physiobank/database/mitdb},
	notes = {Acesso  em:  12 de fevereiro de 2017.},
}

@article{Campielli,
author = {Campitelli, MARCELO ADRIÁN},
title = {Compressão de sinais ECG utilizando DWT com quantização não-linear e por sub-bandas}, 
year = {2015},
}

@misc{Cipriano2014,
    author  = {Cipriano,Vinícius de Souza},
    title   = {Classificação de macha humana via transformada Wavelet usando smartphones},
    year     = {2014},
    note = {Monografia (Bacharel em Engenharia de Computação)},
    school ={Escola Politécnica de Pernambuco},
}

@book{Diniz,
    author ={Diniz, P. S. R. Silva,Eduardo A. B. da. Netto, Sergio L.},
    title ={Processamento Digital de Sinais: Projeto e Análise de Sistemas},
    year ={2014},
    edition = {2},
    company={Bookman},
}

@book{Etinthoven1908,
  author    = {EINTHOVEN, W.},
  title     = {Weiteres über das elektrokardiogramm. Archiv für die gesamte Physiologie des Menschen und der Tiere},
  year     = {2007},
  volume    = {122},
  number    = {12},
  pages     = {517--584},
}

@misc{Faria1997,
    author = {FARIA, R. R. A.},
    title = {Wavelets e as artes multirresolucionárias},
    year = {1997},
    note = {Disponível em: },
    url = {http://www.lsi.usp.br/~regis/wlets.html},
}

@Article{Goldberger,
    author = {GOLDBERGER. E.},
    title ={The avl, avr, and avf leads: A simplification of standard lead electrocardiography},
    journal = {American Heart Journal},
    year    = {1942},
    volume  = {24},
    number  = {3},
    pages   = {378-396},
    issn    = {0002-8703},
    note = {Disponível em:},
    url ={http://www.sciencedirect.com/science/article/pii/S0002870342908214}, 
}

@MastersThesis{Gurgel2013,
    author = {Gurgel, Valciano Camilo},
    title = {Aplicação de técnicas Wavelets em análise de séries temporais para detecção de correlações.},  
    year = {2013},
    school = {Universidade Federal Rural do Semi-Árido(UFERSA)},
    type   = {Monografia},
}

@PhdThesis{Gutierrez2002,
  author = {Gutierrez, Carlos Enrique},
  title  = {Eliminação do ruído por encolhimento de wavelets: uma aplicação à série de preço spot de energia elétrica do Brasil},
  school = {PUC- Departamento de Engenharia Elétrica},
  year   = {2002},
  type   = {Dissertação mestrado},
}

@Book{Guyton2006,
  title   = {Tratato de fisiologia médica},
  year    = {2006},
  author  = {Arthur C. Guyton,John E. Hall},
  series  = {11},
  edition = {Elsevier},
  isbn    = {978-85-352-1641-7},
}

@article{Li,
    author= {LI.; ZHENG, C.; TAI, C.;},
    title = {Detection of ecg charactesrist points using wavelet transforms.},
    journal = {Biomedical Engineering, IEEE Transactions on},
    volume= {42},
    number={1},
    pages={21=28},
    year={1995},
    issn ={0018-9294},
}

@article{Martinez2004,
author ={Martinez, J. et al.},
title = {A wavelet-based ecg delineator: evaluation on standard databases. B},
journal = {Biomedical Engineering, IEEE Transactions on},
volume ={42},
number={4},
pages={570-581},
year={2004},
issn ={0018-9294},
}

@msoftware{Matlab,
  title = {MATLAB},
  author = {mathworks},
  url = {https://www.mathworks.com/products/matlab.html?s_tid=hp_ff_p_matlab},
  version = {2014a},
  year ={2014},
}

@MastersThesis{Oliveira2007,
  author = {Oliveira, Henrique Moreira},
  title  = {Descontaminação de sinais de eletrocardiograma utilizando wavelets},
  school = {UNIVERSIDADE PRESBITERIANA MACKENZIE},
  year   = {2007},
  type   = {Monografia},
}

@Book{Oppenheim1989,
  title   = {Discrete-time signal processing.},
  year    = {1989},
  author  = {OPPENHEIM, A. V. et al.},
  edition = {Prentice-hall Englewood Cliffs},
}

@Book{Quillfeldt2005,
  title   = {ORIGEM DOS POTENCIAIS ELÉTRICOS DAS CÉLULAS NERVOSAS.},
  year    = {2005},
  author  = {Quillfeldt,J.A.},
  edition = {Departamento de Biofísica, URGS},
}

@misc{Saude2014,
        author = {Saúde},
        Title = {M. da. Doenças cardiovasculares causam quase 30 País.},
        Year = {2014},
        note ={Disponível em:},
        url = {http://www.brasil.gov.br/saude/2011/09/doencas-cardiovasculares-causam-quase-30-das-mortes-no-pais},
}

@Book{Silverthon2010,
  title   = {Fisiologia humana: uma abordagem integrada.},
  year    = {2010},
  author  = {Silverthon, D. U.},
  editor  = {tradução Ivana Beatrice Mânica da Cruz},
  series  = {Porto Alegre,},
  edition = {5 ed.},
}

@PhdThesis{Soares2006,
  author = {Soares, Luciana Reginaldo},
  title  = {Projeto de novos sistemas-wavelet com aplicações na análise de sinais do sistema elétrico},
  school = {Universidade Federal de Pernambuco},
  year   = {2006},
  type   = {doutorado},
}

@Misc{OMS2014,
  author = {OMS},    
  title = {Organização Mundial de Saúde. As principais causas de morte.},
  year ={2014},
  url  = {http://www.who.int/mediacentre/factsheets/fs310/en/#},
}

@Misc{Physionet,
  author = {Goldberger, AL. et al},
  title= {PhysioBank, PhysioToolkit, and PhysioNet: Components of a New Research Resource for Complex Physiologic Signals}, 
  year = {2000},
  note  = {Disponível em:},
  url   = {http://circ.ahajournals.org/content/101/23/e215.full},
}

@misc{Toolbox,
    author ={Toolbox},
    title ={Wavelet},
    year ={2017},
    note = {Disponível em:},
    url ={http://www.mathworks.com/products/wavelet/examples.html?file=/products/demos/shipping/wavelet/wcoherdemo.html},
}

@Article{Waller1887,
  author = {WALLER, AD},
  title  = {A demonstration on man of electromotive changes accompanying the heart’s beat},
  volume = {8},
  number = {5},
  pages  = {229–234},
  year  = {1887},
}

@Article{Wilson1931,
  author  = {WILSON, F. N.; et al.},
  title   = {The potential variations produced by the heart beat at the apices of einthoven’s triangle.},
  journal = {American Heart Journal},
  year    = {1931},
  volume  = {7},
  number  = {2},
  pages   = {207 – 211},
  issn    = {0002-8703},
  url     = {http://www.sciencedirect.com/science/article/pii/S0002870331904110},
}

@Article{Wilson1944,
  author  = {WILSON, F. N. et al.},
  title   = {The precordial electrocardiogram},
  journal = {American Heart Journal},
  year    = {1944},
  volume  = {27},
  number  = {1},
  pages   = {19-85},
  issn    = {0002-8703},
  url     = {http://www.sciencedirect.com/science/article/pii/S000287034290293X},
}
